@article{Wood1999,
author = {Wood, Houston and Borisevich, V. and Sulaberidze, G.},
doi = {10.1081/SS-100100654},
issn = {0149-6395},
journal = {Separation Science and Technology},
month = feb,
number = {3},
pages = {343--357},
title = {{On a Criterion Efficiency for Multi-Isotope Mixtures Separation}},
url = {http://www.informaworld.com/openurl?genre=article\&doi=10.1081/SS-100100654\&magic=crossref||D404A21C5BB053405B1A640AFFD44AE3},
volume = {34},
year = {1999}
}


